% This file was created with JabRef 2.10b2.
% Encoding: UTF-8
@article{kantorovich1939,
  title={Mathematical methods of organizing and planning production},
  author={Kantorovich, Leonid V},
  journal={Management science},
  volume={6},
  number={4},
  pages={366--422},
  year={1960},
  publisher={INFORMS},
  url={http://dx.doi.org/10.1287/mnsc.6.4.366},
  DOI={10.1287/mnsc.6.4.366},
}


@article{lemarechal2012cauchy,
  title={Cauchy and the gradient method},
  author={Lemar{\'e}chal, Claude},
  journal={Doc Math Extra},
  volume={251},
  number={254},
  pages={10},
  year={2012}
}

@article{kelley1960cutting,
  title={The cutting-plane method for solving convex programs},
  author={Kelley, Jr, James E},
  journal={Journal of the society for Industrial and Applied Mathematics},
  volume={8},
  number={4},
  pages={703--712},
  year={1960},
  publisher={SIAM},
  doi={10.1137/0108053},
  url={https://doi.org/10.1137/0108053},
    
}

    
@inproceedings{kelley1959computational,
  title={A COMPUTATIONAL APPROACH TO CONVEX-PROGRAMMING},
  author={Kelley, Jr, James E},
  booktitle={Econometrica},
  volume={27},
  number={2},
  pages={276--276},
  year={1959},
  organization={BLACKWELL PUBL LTD 108 COWLEY RD, OXFORD OX4 1JF, OXON, ENGLAND}
}

@article{kelley1958application,
  title={An application of linear programming to curve fitting},
  author={Kelley, Jr, James E},
  journal={Journal of the Society for Industrial and Applied Mathematics},
  volume={6},
  number={1},
  pages={15--22},
  year={1958},
  publisher={SIAM},
  doi = {10.1137/0106002},
  url = {https://doi.org/10.1137/0106002},
}

@article{cheney1959newton,
  title={Newton's method for convex programming and Tchebycheff approximation},
  author={Cheney, E Ward and Goldstein, Allen A},
  journal={Numerische Mathematik},
  volume={1},
  number={1},
  pages={253--268},
  year={1959},
  publisher={Springer},
  doi = {10.1007/bf01386389},
  url = {https://doi.org/10.1007/bf01386389},
}

@techreport{wolfe1960rand,
  title={THE RAND SYMPOSIUM ON MATHEMATICAL PROGRAMMING. LINEAR PROGRAMMING AND RECENT EXTENSIONS. PROCEEDINGS OF A CONFERENCE, MARCH 16-20, 1959},
  author={Wolfe, P},
  year={1960},
  institution={RAND Corp., Santa Monica, Calif.}
}

@article{remez1934procede,
  title={Sur un proc{\'e}d{\'e} convergent d’approximations successives pour d{\'e}terminer les polyn{\^o}mes d’approximation},
  author={Remez, Eugene},
  journal={CR Acad. Sci. Paris},
  volume={198},
  pages={2063--2065},
  year={1934}
}

@article{griffith1961nonlinear,
  title={A nonlinear programming technique for the optimization of continuous processing systems},
  author={Griffith, Ro E and Stewart, RA},
  journal={Management science},
  volume={7},
  number={4},
  pages={379--392},
  year={1961},
  publisher={INFORMS},
  doi = {10.1287/mnsc.7.4.379},
  url = {https://doi.org/10.1287/mnsc.7.4.379},
}

@article{han1977globally,
  title={A globally convergent method for nonlinear programming},
  author={Han, Shih-Ping},
  journal={Journal of optimization theory and applications},
  volume={22},
  number={3},
  pages={297--309},
  year={1977},
  publisher={Springer},
  doi = {10.1007/bf00932858},
  url = {https://doi.org/10.1007/bf00932858},
}

@article{byrd2003algorithm,
  title={An algorithm for nonlinear optimization using linear programming and equality constrained subproblems},
  author={Byrd, Richard H and Gould, Nicholas IM and Nocedal, Jorge and Waltz, Richard A},
  journal={Mathematical Programming},
  volume={100},
  number={1},
  pages={27--48},
  year={2003},
  publisher={Springer},
  doi = {10.1007/s10107-003-0485-4},
  url = {https://doi.org/10.1007/s10107-003-0485-4},
}

@article{conn1991globally,
  title={A globally convergent augmented Lagrangian algorithm for optimization with general constraints and simple bounds},
  author={Conn, Andrew R and Gould, Nicholas IM and Toint, Philippe},
  journal={SIAM Journal on Numerical Analysis},
  volume={28},
  number={2},
  pages={545--572},
  year={1991},
  publisher={SIAM},
  doi = {10.1137/0728030},
  url = {https://doi.org/10.1137/0728030},
}

@article{spellucci1999donlp2,
  title={DONLP2 short users guide},
  author={Spellucci, Peter},
  journal={Technische Universitt Darmstadt},
  year={1999},
  publisher={Citeseer}
}

@book{Hock1981,
  doi = {10.1007/978-3-642-48320-2},
  url = {https://doi.org/10.1007/978-3-642-48320-2},
  year = {1981},
  publisher = {Springer Berlin Heidelberg},
  author = {Willi Hock and Klaus Schittkowski},
  title = {Test Examples for Nonlinear Programming Codes}
}

@book{Schittkowski1987,
  doi = {10.1007/978-3-642-61582-5},
  url = {https://doi.org/10.1007/978-3-642-61582-5},
  year = {1987},
  publisher = {Springer Berlin Heidelberg},
  author = {Klaus Schittkowski},
  title = {More Test Examples for Nonlinear Programming Codes}
}

@article{hestenes1969multiplier,
  title={Multiplier and gradient methods},
  author={Hestenes, Magnus R},
  journal={Journal of optimization theory and applications},
  volume={4},
  number={5},
  pages={303--320},
  year={1969},
  publisher={Springer},
  doi = {10.1007/bf00927673},
  url = {https://doi.org/10.1007/bf00927673},
}

@article{powell1969method,
  title={A method for nonlinear constraints in minimization problems},
  author={Powell, Michael JD},
  journal={Optimization},
  pages={283--298},
  year={1969},
  publisher={Academic Press}
}
  
@article{schittkowski1982nonlinear,
  title={The nonlinear programming method of Wilson, Han, and Powell with an augmented Lagrangian type line search function},
  author={Schittkowski, Klaus},
  journal={Numerische Mathematik},
  volume={38},
  number={1},
  pages={83--114},
  year={1982},
  publisher={Springer},
  doi = {10.1007/bf01395810},
  url = {https://doi.org/10.1007/bf01395810},
}

@techreport{gill1986some,
  title={Some Theoretical Properties of an Augmented Lagrangian Merit Function.},
  author={Gill, Philip E and Murray, Walter and Saunders, Michael A and Wright, Margaret H},
  year={1986},
  institution={STANFORD UNIV CA SYSTEMS OPTIMIZATION LAB}
}

@article{han1979exact,
  title={Exact penalty functions in nonlinear programming},
  author={Han, S-P and Mangasarian, Olvi L},
  journal={Mathematical programming},
  volume={17},
  number={1},
  pages={251--269},
  year={1979},
  publisher={Springer},
  doi = {10.1007/bf01588250},
  url = {https://doi.org/10.1007/bf01588250},
}

@article{Still2010,
  doi = {10.1016/j.ejor.2009.01.033},
  url = {https://doi.org/10.1016/j.ejor.2009.01.033},
  year = {2010},
  month = feb,
  publisher = {Elsevier {BV}},
  volume = {200},
  number = {3},
  pages = {658--670},
  author = {Claus Still and Tapio Westerlund},
  title = {A linear programming-based optimization algorithm for solving nonlinear programming problems},
  journal = {European Journal of Operational Research}
}

@article{karush1939minima,
  title={Minima of functions of several variables with inequalities as side constraints},
  author={Karush, William},
  journal={M. Sc. Dissertation. Dept. of Mathematics, Univ. of Chicago},
  year={1939},
  doi = {10.1007/978-3-0348-0439-4_10},
  url = {https://doi.org/10.1007/978-3-0348-0439-4_10},
}

@misc{kuhn1951nonlinear,
  title={Nonlinear programming. Berkeley},
  author={Kuhn, Harold W and Tucker, Albert W},
  year={1951},
  publisher={Univ. of California Press}
}


@incollection{di1994exact,
  title={Exact penalty methods},
  author={Di Pillo, Gianni},
  booktitle={Algorithms for Continuous Optimization},
  pages={209--253},
  year={1994},
  publisher={Springer}
}

@article{mangasarian1967fritz,
  title={The Fritz John necessary optimality conditions in the presence of equality and inequality constraints},
  author={Mangasarian, Olvi L and Fromovitz, Stan},
  journal={Journal of Mathematical Analysis and applications},
  volume={17},
  number={1},
  pages={37--47},
  year={1967},
  publisher={Elsevier},
  doi = {10.1016/0022-247x(67)90163-1},
  url = {https://doi.org/10.1016/0022-247x(67)90163-1},
}

@incollection{john2014extremum,
  title={Extremum problems with inequalities as subsidiary conditions},
  author={John, Fritz},
  booktitle={Traces and emergence of nonlinear programming},
  pages={197--215},
  year={2014},
  publisher={Springer},
  doi = {10.1007/978-3-0348-0439-4_9},
  url = {https://doi.org/10.1007/978-3-0348-0439-4_9},
}

    

@book{bonnans2006numerical,
  title={Numerical optimization: theoretical and practical aspects},
  author={Bonnans, Joseph-Fr{\'e}d{\'e}ric and Gilbert, Jean Charles and Lemar{\'e}chal, Claude and Sagastiz{\'a}bal, Claudia A},
  year={2006},
  publisher={Springer Science \& Business Media}
}

@book{1987polyak,
    title = {Introduction to Optimization},
    author = {Boris Teodorovich Polyak},
    year = {1987},
    month = {05},
    day = {12},
    pagecount = {438},
    isbn = {9780911575149}
}



@article{caplan2011numerical,
  title={Numerical computation of second derivatives with applications to optimization problems},
  author={Caplan, Philip},
  journal={Unpublished academic report, MIT},
  year={2011}
}

@book{dennisschnabel1996,
    title = {Numerical Methods for Unconstrained Optimization and Nonlinear Equations},
    author = {J. E. Dennis, Jr. and Robert B. Schnabel},
    year = {1996},
    month = {12},
    day = {01},
    pagecount = {394},
    isbn = {9780898713640}
}

@misc{abramowitz1972handbook,
  title={Handbook of Mathematical Functions. Dover, New York},
  author={Abramowitz, M and Stegun, IA},
  year={1972}
}


@article{davidon1991variable,
  title={Variable metric method for minimization},
  author={Davidon, William C},
  journal={SIAM Journal on Optimization},
  volume={1},
  number={1},
  pages={1--17},
  year={1991},
  publisher={SIAM},
  doi = {10.1137/0801001},
  url = {https://doi.org/10.1137/0801001},
}

@article{fletcher1963rapidly,
  title={A rapidly convergent descent method for minimization},
  author={Fletcher, Roger and Powell, Michael JD},
  journal={The computer journal},
  volume={6},
  number={2},
  pages={163--168},
  year={1963},
  publisher={Oxford University Press},
  doi = {10.1093/comjnl/6.2.163},
  url = {https://doi.org/10.1093/comjnl/6.2.163},
}


@article{BROYDEN_1970,
  title =        {The Convergence of a Class of Double-rank Minimization
                  Algorithms 1. General Considerations},
  volume =       {6},
  ISSN =         {1464-3634},
  url =          {http://dx.doi.org/10.1093/imamat/6.1.76},
  DOI =          {10.1093/imamat/6.1.76},
  number =       {1},
  journal =      {IMA Journal of Applied Mathematics},
  publisher =    {Oxford University Press (OUP)},
  author =       {BROYDEN, C. G.},
  year =         {1970},
  pages =        {76–90}
}

@article{Fletcher_1970,
  title =        {A new approach to variable metric algorithms},
  volume =       {13},
  ISSN =         {1460-2067},
  url =          {http://dx.doi.org/10.1093/comjnl/13.3.317},
  DOI =          {10.1093/comjnl/13.3.317},
  number =       {3},
  journal =      {The Computer Journal},
  publisher =    {Oxford University Press (OUP)},
  author =       {Fletcher, R.},
  year =         {1970},
  month =        {Mar},
  pages =        {317–322}
}

@article{Goldfarb_1970,
  title =        {A family of variable-metric methods derived by variational
                  means},
  volume =       {24},
  ISSN =         {0025-5718},
  url =          {http://dx.doi.org/10.1090/S0025-5718-1970-0258249-6},
  DOI =          {10.1090/s0025-5718-1970-0258249-6},
  number =       {109},
  journal =      {Mathematics of Computation},
  publisher =    {American Mathematical Society (AMS)},
  author =       {Goldfarb, Donald},
  year =         {1970},
  month =        {Jan},
  pages =        {23–23}
}
@article{Shanno_1970,
  title =        {Conditioning of quasi-Newton methods for function
                  minimization},
  volume =       {24},
  ISSN =         {0025-5718},
  url =          {http://dx.doi.org/10.1090/S0025-5718-1970-0274029-X},
  DOI =          {10.1090/s0025-5718-1970-0274029-x},
  number =       {111},
  journal =      {Mathematics of Computation},
  publisher =    {American Mathematical Society (AMS)},
  author =       {Shanno, D. F.},
  year =         {1970},
  month =        {Sep},
  pages =        {647–647}
}

@article{Squire_1998,
  title =        {Using Complex Variables to Estimate Derivatives of Real
                  Functions},
  volume =       {40},
  ISSN =         {1095-7200},
  url =          {http://dx.doi.org/10.1137/S003614459631241X},
  DOI =          {10.1137/s003614459631241x},
  number =       {1},
  journal =      {SIAM Review},
  publisher =    {Society for Industrial & Applied Mathematics (SIAM)},
  author =       {Squire, William and Trapp, George},
  year =         {1998},
  month =        {Jan},
  pages =        {110–112}
}
@article{Lyness_1967,
  title =        {Numerical Differentiation of Analytic Functions},
  volume =       {4},
  ISSN =         {1095-7170},
  url =          {http://dx.doi.org/10.1137/0704019},
  DOI =          {10.1137/0704019},
  number =       {2},
  journal =      {SIAM Journal on Numerical Analysis},
  publisher =    {Society for Industrial \& Applied Mathematics (SIAM)},
  author =       {Lyness, J. N. and Moler, C. B.},
  year =         {1967},
  month =        {Jun},
  pages =        {202–210}
}
@article{Lai_2005,
  title =        {New Complex-Step Derivative Approximations with Application to
                  Second-Order Kalman Filtering},
  ISBN =         {9781624100567},
  url =          {http://dx.doi.org/10.2514/6.2005-5944},
  DOI =          {10.2514/6.2005-5944},
  journal =      {AIAA Guidance, Navigation, and Control Conference and Exhibit},
  publisher =    {American Institute of Aeronautics and Astronautics},
  author =       {Lai, Kok-Lam and Crassidis, John and Cheng, Yang and Kim,
                  Jongrae},
  year =         {2005},
  month =        {Jun}
}
@article{Fike_2011,
  title =        {The Development of Hyper-Dual Numbers for Exact
                  Second-Derivative Calculations},
  ISBN =         {9781600869501},
  url =          {http://dx.doi.org/10.2514/6.2011-886},
  DOI =          {10.2514/6.2011-886},
  journal =      {49th AIAA Aerospace Sciences Meeting including the New
                  Horizons Forum and Aerospace Exposition},
  publisher =    {American Institute of Aeronautics and Astronautics},
  author =       {Fike, Jeffrey and Alonso, Juan},
  year =         {2011},
  month =        {Jan}
}

@book{fischetti2019,
    title = {Introduction to Mathematical Optimization},
    author = {Matteo Fischetti},
    year = {2019},
    month = {09},
    day = {12},
    pagecount = {232},
    isbn = {9781692792022}
}

    

@Manual{abnTeX22014b,
  Title                    = {A classe abntex2},
  Author                   = {abnTeX2 and Lauro C\'{e}sar Araujo},
  Organization             = {Equipe abnTeX2},
  Year                     = {2014},

  Bdsk-url-1               = {http://code.google.com/p/abntex2/wiki/Download},
  Pages                    = {46},
  Subtitle                 = {Documentos t\'{e}cnicos e cient\'{i}ficos brasileiros compat\'{i}veis com as normas ABNT},
  Timestamp                = {2014.09.27},
  Url                      = {http://abntex2.googlecode.com/},
  Urlaccessdate            = {12 de setembro de 2014}
}

@Manual{abnTeX22014d,
  Title                    = {O pacote abntex2cite},
  Author                   = {abnTeX2 and Lauro C\{\textquoteright}{e}sar Araujo},
  Organization             = {Equipe abnTeX2},
  Year                     = {2014},

  Bdsk-url-1               = {http://code.google.com/p/abntex2/wiki/Download},
  Pages                    = {91},
  Subtitle                 = {Estilos bibliogr\'{a}ficos compat\'{i}veis com a ABNT NBR 6023},
  Timestamp                = {2014.09.27},
  Url                      = {http://abntex2.googlecode.com/},
  Urlaccessdate            = {12 de setembro de 2014}
}

@Manual{abnTeX22014c,
  Title                    = {O pacote abntex2cite},
  Author                   = { Lauro C\'{e}sar Araujo and abnTeX2 },
  Organization             = {Equipe abnTeX2},
  Year                     = {2014},

  Bdsk-url-1               = {http://code.google.com/p/abntex2/wiki/Download},
  Pages                    = {23},
  Subtitle                 = {T\'{o}picos espec\'{i}ficos da ABNT NBR 10520:2002 e o estilo bibliogr\'{a}fico alfab\'{e}tico (sistema autor-data)},
  Timestamp                = {2014.09.27},
  Url                      = {http://abntex2.googlecode.com/},
  Urlaccessdate            = {12 de setembro de 2014}
}

@Book{Barbosa2004,
  Title                    = {Testando a utiliza{\c c}\~ao de ``et al.''},
  Author                   = {Carlos Barbosa and {Maria da} Silva Cardoso and {Tenitos da} Silva and Carminda Soares},
  Publisher                = {Editora},
  Year                     = {2004},

  Address                  = {Cidade},
  Edition                  = {2},

  Page                     = {5},
  Timestamp                = {2014.09.24}
}

@Misc{BibTeX2014,
  Title                    = {BibTeX.org},

  Author                   = {BibTeX},
  Year                     = {2014},

  Timestamp                = {2014.09.27},
  Url                      = {http://www.bibtex.org},
  Urlaccessdate            = {31 de julho de 2014}
}

@Book{Buerger1989,
  Title                    = {LaTeX for scientists and engineers},
  Author                   = {Buerger, David John},
  Publisher                = {McGraw-Hill},
  Year                     = {1989},

  Address                  = {Singapura},

  Timestamp                = {2014.09.27}
}

@Article{Carvalho2001,
  Title                    = {Intelig{\^e}ncia competitiva numa vis\~ao de futuro},
  Author                   = {Cl\{\textquoteright}{a}udia Carvalho and Jos\'{e} Fajardo and Joaquim Cruz},
  Journal                  = {DataGramaZero - Revista da Ci{\^e}ncia da Informa{\c c}\~ao},
  Year                     = {2001},
  Number                   = {3},
  Pages                    = {12--16},
  Volume                   = {2},

  Mounth                   = {junho},
  Subtitle                 = {proposta metodol\'{o}gica},
  Timestamp                = {2014.09.27}
}

@Book{Goossens2007,
  Title                    = {The LaTeX graphics companion},
  Author                   = {Goossens, Michel and Mittelbach, Frank and Rahtz, Sebastian and Roegel, Denis and Voss, Herbert},
  Publisher                = {Addison-Wesley},
  Year                     = {2007},

  Address                  = {Boston},
  Edition                  = {2},

  Timestamp                = {2014.09.27}
}

@Misc{IRL2014,
  Title                    = {Internet Research Laboratory},

  Author                   = {IRL},
  Year                     = {2014},

  Key                      = {IRL},
  Timestamp                = {2014.09.24},
  Url                      = {http://irl.cs.ucla.edu/topology},
  Urlaccessdate            = {8 de mar{\c c}o de 2014}
}

@Book{Kopka2003,
  Title                    = {Guide to LaTeX},
  Author                   = {Kopka, Helmut and Daly, Patrick W.},
  Publisher                = {Addison-Wesley},
  Year                     = {2003},

  Address                  = {Boston},
  Edition                  = {4},

  Timestamp                = {2014.09.27}
}

@Book{Lamport1986,
  Title                    = {LaTeX: a document preparation system},
  Author                   = {Lamport, Leslie},
  Publisher                = {Addison-Wesley},
  Year                     = {1986},

  Address                  = {Boston},

  Timestamp                = {2014.09.27}
}

@Misc{LaTeX2014,
  Title                    = {The LaTeX project},

  Author                   = {LaTeX},
  Year                     = {2014},

  Timestamp                = {2014.09.27},
  Url                      = {http://www.latex-project.org},
  Urlaccessdate            = {31 de julho de 2014}
}

@Book{Maturana2003,
  Title                    = {A \'{A}rvore do Conhecimento},
  Author                   = {Humberto R. Maturana and Francisco J. Varela},
  Publisher                = {Editora Palas Athena},
  Year                     = {2003},

  Address                  = {S\~ao Paulo},
  Edition                  = {3},

  Page                     = {283},
  Subtitle                 = {as bases biol\'{o}gicas da compreens\~{a}o humana},
  Timestamp                = {2014.09.27}
}

@Book{Mittelbach2004,
  Title                    = {The LaTeX companion},
  Author                   = {Mittelbach, Frank and Goossens, Michel and Braams, Johannes and Carlisle, David and Rowley, Chris},
  Publisher                = {Addison-Wesley},
  Year                     = {2004},

  Address                  = {Boston},
  Edition                  = {2},

  Timestamp                = {2014.09.27}
}

@PhdThesis{Neubert2001,
  Title                    = {Algoritmos Distribu\'{i}dos para a Constru{\c c}\~ao de Arquivos Invertidos},
  Author                   = {Marden Silveira Neubert},
  School                   = {Departamento de Computa{\c c}\~ao, Universidade Federal de Minas Gerais},
  Year                     = {2001},

  Address                  = {Belo Horizonte},
  Type                     = {Doutorado em Ci{\^e}ncia da Computa{\c c}\~ao},

  Pagename                 = {f.},
  Pages                    = {145},
  Timestamp                = {2014.09.26},
  Year-presented           = {Mar{\c c}o 2001}
}

@MastersThesis{Santos2003,
  Title                    = {Aspectos Conceituais e Arquiteturais para a Cria{\c c}\~ao de Linhagens de Agentes de Software Cognitivos e Situados},
  Author                   = {Bruno Andr\'{e} Santos},
  School                   = {Centro Federal de Educa{\c c}\~ao Tecnol\'{o}gica de Minas Gerais},
  Year                     = {2003},

  Address                  = {Belo Horizonte},
  Type                     = {Mestrado em Tecnologia -- Nome da \'{a}rea de concentra{\c c}\~ao},

  Key                      = {intelig{\^e}ncia artificial, agentes inteligentes, cogni{\c c}\~ao situada},
  Pagename                 = {f.},
  Pages                    = {130},
  Timestamp                = {2014.09.26},
  Year-presented           = {Junho 2003}
}

@Book{Silva2000,
  Title                    = {A Intelig{\^e}ncia da Complexidade},
  Author                   = {Silva, Joaquim and Souza, Jo\~ao {Luiz de}},
  Publisher                = {Editora Petr\'{o}polis},
  Year                     = {2000},

  Address                  = {S\~ao Paulo},

  Timestamp                = {2014.09.24}
}

@MastersThesis{Souza2012,
  Title                    = {Recupera{\c c}\~ao de V\'{i}deos Baseada em Conte\'{u}do em um Sistema de Informa{\c c}\~ao para Apoio \`{a} An\'{a}lise do Discurso Televisivo},
  Author                   = {Celso {Luiz de} Souza},
  School                   = {Centro Federal de Educa{\c c}\~ao Tecnol\'{o}gica de Minas Gerais},
  Year                     = {2012},

  Address                  = {Belo Horizonte},
  Type                     = {Mestrado em Modelagem Matem\'{a}tica e Computacional -- Sistemas Inteligentes},

  Pagename                 = {f.},
  Pages                    = {130},
  Timestamp                = {2014.09.26},
  Year-presented           = {Outubro 2011}
}

@Article{vanGELDER1998,
  Title                    = {Disentangling Dynamics, Computation and Cognition},
  Author                   = {Tim {van GELDER}},
  Journal                  = {Behavioral and Brain Sciences},
  Year                     = {1998},
  Pages                    = {40--47},
  Volume                   = {21},

  Key                      = {cognitive science, digital computer, dynamical hypothesis, dynamical system},
  Timestamp                = {2014.09.26}
}

@Manual{NBR14724:2011,
  Title                    = {{ABNT NBR} 14724},

  Address                  = {Rio de Janeiro},
  Month                    = mar,
  Organization             = {Associa{\c c}\~ao Brasileira de Normas T\'ecnicas},
  Year                     = {2011},

  Org-short                = {ABNT},
  Pages                    = {11},
  Subtitle                 = {Informa{\c c}\~ao e documenta{\c c}\~ao --- Trabalhos acad\^emicos --- Apresenta{\c c}\~ao},
  Timestamp                = {2014.09.27}
}

@Manual{NBR15287:2005,
  Title                    = {{ABNT NBR} 15287},

  Address                  = {Rio de Janeiro},
  Month                    = {dez.},
  Organization             = {Associa{\c c}\~ao Brasileira de Normas T\'ecnicas},
  Year                     = {2005},

  Org-short                = {ABNT},
  Pages                    = {6},
  Subtitle                 = {Informa{\c c}\~ao e documenta{\c c}\~ao --- Projeto de pesquisa --- Apresenta{\c c}\~ao},
  Timestamp                = {2014.09.27}
}

@Manual{NBR10520:2002,
  Title                    = {{NBR} 10520},

  Address                  = {Rio de Janeiro},
  Month                    = {ago.},
  Organization             = {Associa{\c c}\~ao Brasileira de Normas T\'ecnicas},
  Year                     = {2002},

  Org-short                = {ABNT},
  Pages                    = {7},
  Subtitle                 = {Informa{\c c}\~ao e documenta{\c c}\~ao --- Cita{\c c}\~oes em documentos --- Apresenta{\c c}\~ao},
  Timestamp                = {2014.09.27}
}

@Manual{NBR6023:2002,
  Title                    = {{NBR} 6023},

  Address                  = {Rio de Janeiro},
  Month                    = {ago.},
  Organization             = {Associa{\c c}\~ao Brasileira de Normas T\'ecnicas},
  Year                     = {2002},

  Org-short                = {ABNT},
  Pages                    = {24},
  Subtitle                 = {Informa{\c c}\~ao e documenta{\c c}\~ao --- Refer\^encias --- Elabora{\c c}\~ao},
  Timestamp                = {2014.09.27}
}

@book{analisereal1,
    title = {Análise real Vol. 1},
    author = {Elon Lages Lima},
    year = {1989},
    month = {06},
    day = {03},
    pagecount = {189},
    isbn = {9788524400483}
}

@book{analisereal2,
    title = {Análise real Vol. 2},
    author = {Elon Lages Lima},
    year = {2021},
    month = {06},
    day = {03},
    isbn = {9788524402210}
}

@book{analise1,
    title = {Analysis I},
    author = {Terence Tao},
    year = {2016},
    month = {08},
    day = {29},
    pagecount = {350},
    isbn = {9789811017896}
}

@book{algebralinear,
    title = {Álgebra linear},
    author = {Elon Lages Lima},
    year = {1995},
    month = {06},
    day = {03},
    pagecount = {357},
    isbn = {9788524400896}
}

@book{analise2,
    title = {Real Analysis},
    author = {Serge Lang},
    year = {1969},
    month = {06},
    day = {03},
    pagecount = {476},
    isbn = {9780201041798}
}

@book{algebralinear1,
   title =     {Espaços Vetoriais de Dimensão Finita},
   author =    {Paul. R. Halmos},
   publisher = {Editora Campus},
   year =      {1978},
}

@book{elementosdealgebra,
    title = {Elementos de álgebra},
    author = {Arnaldo Garcia},
    year = {2021},
    month = {06},
    day = {03},
    pagecount = {326},
    isbn = {9788524401909}
}

@book{espacosmetricos,
  title={Espa{\c{c}}os m{\'e}tricos},
  author={Lima, E.L.},
  lccn={78382414},
  series={Projeto Euclides},
  year={1977},
  publisher={Instituto de Matem{\'a}tica Pura e Aplicada, CNPq}
}

@article{Nemirovski,
  author = {Nemirovski, Arkadi and Roos, Kees},
  editor={Floudas, Christodoulos A. and Pardalos, Panos M.},
  title={Motzkin transposition theoremMotzkin Transposition Theorem},
  bookTitle={Encyclopedia of Optimization},
  year={2001},
  publisher={Springer US},
  address={Boston, MA},
  pages={1537-1540},
  isbn={978-0-306-48332-5},
  doi={10.1007/0-306-48332-7_306},
  url={https://doi.org/10.1007/0-306-48332-7_306}
}

@article{Deb_2000,
  title =        {An efficient constraint handling method for genetic
                  algorithms},
  volume =       {186},
  ISSN =         {0045-7825},
  url =          {http://dx.doi.org/10.1016/S0045-7825(99)00389-8},
  DOI =          {10.1016/s0045-7825(99)00389-8},
  number =       {2-4},
  journal =      {Computer Methods in Applied Mechanics and Engineering},
  publisher =    {Elsevier BV},
  author =       {Deb, Kalyanmoy},
  year =         {2000},
  month =        {Jun},
  pages =        {311–338}
}
@article{Joines,
  title =        {On the use of non-stationary penalty functions to solve
                  nonlinear constrained optimization problems with GA’s},
  ISBN =         {0780318994},
  url =          {http://dx.doi.org/10.1109/ICEC.1994.349995},
  DOI =          {10.1109/icec.1994.349995},
  journal =      {Proceedings of the First IEEE Conference on Evolutionary
                  Computation. IEEE World Congress on Computational
                  Intelligence},
  publisher =    {IEEE},
  author =       {Joines, J.A. and Houck, C.R.}
}
@article{Bongartz_1995,
  title =        {CUTE},
  volume =       {21},
  ISSN =         {1557-7295},
  url =          {http://dx.doi.org/10.1145/200979.201043},
  DOI =          {10.1145/200979.201043},
  number =       {1},
  journal =      {ACM Transactions on Mathematical Software},
  publisher =    {Association for Computing Machinery (ACM)},
  author =       {Bongartz, I. and Conn, A. R. and Gould, Nick and Toint,
                  Ph. L.},
  year =         {1995},
  month =        {Mar},
  pages =        {123–160}
}
@article{Gandomi_2012,
  title =        {Bat algorithm for constrained optimization tasks},
  volume =       {22},
  ISSN =         {1433-3058},
  url =          {http://dx.doi.org/10.1007/s00521-012-1028-9},
  DOI =          {10.1007/s00521-012-1028-9},
  number =       {6},
  journal =      {Neural Computing and Applications},
  publisher =    {Springer Science and Business Media LLC},
  author =       {Gandomi, Amir Hossein and Yang, Xin-She and Alavi, Amir
                  Hossein and Talatahari, Siamak},
  year =         {2012},
  month =        {Jul},
  pages =        {1239–1255}
}

@book{dantzig1,
    title = {Linear Programming 1},
    author = {George B. Dantzig and Mukund N. Thapa},
    year = {1997},
    month = {01},
    day = {27},
    pagecount = {435},
    isbn = {9780387948331}
}


@article{Still_2005,
  title =        {Solving Convex MINLP Optimization Problems Using a Sequential
                  Cutting Plane Algorithm},
  volume =       {34},
  ISSN =         {1573-2894},
  url =          {http://dx.doi.org/10.1007/s10589-005-3076-x},
  DOI =          {10.1007/s10589-005-3076-x},
  number =       {1},
  journal =      {Computational Optimization and Applications},
  publisher =    {Springer Science and Business Media LLC},
  author =       {Still, Claus and Westerlund, Tapio},
  year =         {2005},
  month =        {Oct},
  pages =        {63–83}
}


@misc{minilp,
  key   = "minilp",
  title = "minilp -  A fast linear programming solver library",
  url  = "https://crates.io/crates/minilp",
  author = "Alexey Zatelepin",
  year = {2020},
}
